@article{1martinezdevelopment,
  title={Development of Applications for Humanoid Robots Using Multiple Platforms, Tools, and Cloud Data Sharing},
  author={Martinez, Santiago and Garcia-Haro, Juan Miguel and Monje, Concepcion Alicia and Balaguer, Carlos}
}
@inproceedings{2bakken2001middleware,
	title        = {Middleware support for voting and data fusion},
	author       = {Bakken, David E and Zhan, Zhiyuan and Jones, Christopher C and Karr, David A},
	year         = 2001,
	booktitle    = {2001 International Conference on Dependable Systems and Networks},
	pages        = {453--462},
	organization = {IEEE}
}
@article{3bogue2017cloud,
	title        = {Cloud robotics: a review of technologies, developments and applications},
	author       = {Bogue, Robert},
	year         = 2017,
	journal      = {Industrial Robot: An International Journal},
	publisher    = {Emerald Publishing Limited}
}
@misc{4demaitre_demaitre_2020,
	title        = {CloudMinds demoes XR-1 humanoid robot using 5G, scales up for fleets},
	author       = {Demaitre, Eugene and Demaitre, Eugene},
	year         = 2020,
	month        = oct,
	journal      = {The Robot Report},
	url          = {https://www.therobotreport.com/cloudminds-demoes-xr-1-humanoid-robot-using-5g-scales-up-for-fleets/}
}
@article{5saeedvand2019comprehensive,
	title        = {A comprehensive survey on humanoid robot development},
	author       = {Saeedvand, Saeed and Jafari, Masoumeh and Aghdasi, Hadi S and Baltes, Jacky},
	year         = 2019,
	journal      = {The Knowledge Engineering Review},
	publisher    = {Cambridge University Press},
	volume       = 34
}
@article{6silva2007historical,
	title        = {A historical perspective of legged robots},
	author       = {Silva, Manuel F and Tenreiro Machado, JA},
	year         = 2007,
	journal      = {Journal of Vibration and Control},
	publisher    = {Sage Publications Sage UK: London, England},
	volume       = 13,
	number       = {9-10},
	pages        = {1447--1486}
}
@article{6al2014modeling,
	title        = {Modeling, stability and walking pattern generators of biped robots: a review},
	author       = {Al-Shuka, Hayder FN and Allmendinger, F and Corves, Burkhard and Zhu, Wen-Hong},
	year         = 2014,
	journal      = {Robotica},
	publisher    = {Cambridge University Press},
	volume       = 32,
	number       = 6,
	pages        = 907
}
@article{7mejias2017easy,
	title        = {Easy handling of sensors and actuators over TCP/IP networks by open source hardware/software},
	author       = {Mejias, Andres and Herrera, Reyes S and Marquez, Marco A and Calderon, Antonio Jose and Gonzalez, Isaias and Andujar, Jose Manuel},
	year         = 2017,
	journal      = {Sensors},
	publisher    = {Multidisciplinary Digital Publishing Institute},
	volume       = 17,
	number       = 1,
	pages        = 94
}
@inproceedings{8al2012development,
	title        = {Development of an educational environment for online control of a biped robot using MATLAB and Arduino},
	author       = {Al-Busaidi, Asiya M},
	year         = 2012,
	booktitle    = {2012 9th France-Japan \& 7th Europe-Asia Congress on Mechatronics (MECATRONICS)/13th Int'l Workshop on Research and Education in Mechatronics (REM)},
	pages        = {337--344},
	organization = {IEEE}
}
@inproceedings{9almubarak2017design,
	title        = {Design and motion control of bioinspired humanoid robot head from servo motors toward artificial muscles},
	author       = {Almubarak, Yara and Tadesse, Yonas},
	year         = 2017,
	booktitle    = {Electroactive Polymer Actuators and Devices (EAPAD) 2017},
	volume       = 10163,
	pages        = {101631U},
	organization = {International Society for Optics and Photonics}
}
@article{10khokar2015implementation,
	title        = {Implementation of KDL inverse kinematics routine on the atlas humanoid robot},
	author       = {Khokar, Karan and Beeson, Patrick and Burridge, Rob},
	year         = 2015,
	journal      = {Procedia Computer Science},
	publisher    = {Elsevier},
	volume       = 46,
	pages        = {1441--1448}
}
@article{11cho2011online,
	title        = {Online balance controllers for a hopping and running humanoid robot},
	author       = {Cho, Baek-Kyu and Kim, Jung-Hoon and Oh, Jun-Ho},
	year         = 2011,
	journal      = {Advanced Robotics},
	publisher    = {Taylor \& Francis},
	volume       = 25,
	number       = {9-10},
	pages        = {1209--1225}
}
@article{12wang2012optimizing,
	title        = {Optimizing locomotion controllers using biologically-based actuators and objectives},
	author       = {Wang, Jack M and Hamner, Samuel R and Delp, Scott L and Koltun, Vladlen},
	year         = 2012,
	journal      = {ACM Transactions on Graphics (TOG)},
	publisher    = {ACM New York, NY, USA},
	volume       = 31,
	number       = 4,
	pages        = {1--11}
}
@article{13wan2016cloud,
	title        = {Cloud robotics: Current status and open issues},
	author       = {Wan, Jiafu and Tang, Shenglong and Yan, Hehua and Li, Di and Wang, Shiyong and Vasilakos, Athanasios V},
	year         = 2016,
	journal      = {IEEE Access},
	publisher    = {IEEE},
	volume       = 4,
	pages        = {2797--2807}
}

