@article{pratt2015cambrian,
  author       = {Pratt, Gill A},
  publisher    = {JSTOR},
  date         = {2015},
  journaltitle = {The Journal of Economic Perspectives},
  number       = {3},
  pages        = {51--60},
  title        = {Is a Cambrian Explosion Coming for Robotics?},
  volume       = {29},
}

@article{8039018,
  author       = {He, Wei and Li, Zhijun and Chen, C. L. Philip},
  date         = {2017},
  doi          = {10.1109/JAS.2017.7510604},
  journaltitle = {IEEE/CAA Journal of Automatica Sinica},
  number       = {4},
  pages        = {602--609},
  title        = {A survey of human-centered intelligent robots: issues and challenges},
  volume       = {4},
}

@article{brooks1991new,
  title={New approaches to robotics},
  author={Brooks, Rodney A},
  journal={Science},
  volume={253},
  number={5025},
  pages={1227--1232},
  year={1991},
  publisher={American Association for the Advancement of Science}
}
